2451 3355
922 933 1462 1009 PRAEFATIO.

362 1141 447 1172 Cum
471 1139 643 1172 clarissimi
670 1139 756 1172 illius
781 1140 889 1182 operis
911 1139 953 1172 ab
979 1139 1100 1172 Adolto
1125 1139 1248 1182 Engler
1271 1144 1303 1172 et>
1325 1140 1442 1172 Carolo
1466 1140 1578 1172 Prautl
1603 1141 1787 1182 compositi,
1817 1141 1868 1172 cui
1896 1141 1977 1178 „Die
2003 1141 2218 1173 Nattjrliclien

156 1196 486 1229 Pflauzenfamilien“
512 1196 712 1233 inscribitur,
743 1207 800 1228 eae
832 1199 950 1238 partes,
981 1207 1068 1238 quac
1092 1196 1359 1238 Siphonogamas
1389 1197 1665 1239 complectuntur,
1697 1197 1738 1228 ad
1771 1197 1869 1228 tinem
1895 1197 2073 1239 perductae
2101 1202 2220 1235 essent,

156 1263 257 1295 quam
290 1253 435 1285 maxime
465 1253 530 1285 alio
553 1253 699 1295 quodam
724 1252 808 1284 libro
831 1263 915 1295 opus
943 1263 1014 1284 esse
1045 1252 1157 1284 multis
1182 1252 1366 1291 videbatur,
1399 1253 1455 1294 qni
1481 1253 1601 1295 exiguo
1625 1253 1742 1296 spatio,
1773 1253 1906 1285 omissis
1930 1253 2218 1295 descriptionibus,

156 1313 371 1351 conspectum
395 1309 550 1341 classium
574 1309 730 1341 ordinum
755 1309 937 1349 (serierum)
961 1308 1165 1340 familiarum
1187 1309 1506 1351 siphonogamarum
1525 1320 1632 1351 usque
1655 1309 1696 1341 ad
1718 1320 1840 1351 genera
1860 1320 2042 1351 eorumque
2060 1310 2220 1341 sectiones

155 1365 336 1408 praeberet.
372 1365 517 1398 Jubente
538 1366 610 1408 ipso
628 1365 748 1397 Adolfo
765 1365 890 1407 Engler
905 1365 1098 1397 huiusmodi
1115 1371 1332 1408 conspectum
1348 1365 1592 1398 conficiendum
1610 1366 1828 1408 suscepimus,
1853 1377 1952 1407 quem
1971 1376 2047 1397 cuin
2065 1366 2220 1398 scientiae

156 1421 328 1454 herbariae
358 1422 589 1463 systematieae
621 1421 878 1464 promovendae,
910 1425 980 1453 tum
1014 1421 1193 1453 herbarum
1227 1421 1476 1454 collectionibus
1505 1421 1719 1454 instituendis
1750 1422 1898 1454 maximo
1922 1423 1995 1453 usui
2030 1423 2099 1454 fore
2123 1421 2220 1454 nobis

156 1489 352 1521 persuasum
384 1481 468 1516 erat:
502 1477 592 1510 haud
624 1478 803 1520 quisquam
835 1478 923 1510 euim
956 1483 1054 1519 neget
1085 1482 1292 1520 quantopere
1321 1477 1385 1510 alia
1417 1477 1610 1511 huiusmodi
1641 1489 1757 1520 opera,
1788 1485 1823 1509 ut
1856 1478 2016 1520 Stephani
2042 1478 2221 1510 Endlielier

157 1534 436 1572 „Encbeiridion‘⁴
475 1538 507 1566 et
539 1534 686 1571 „Index“
726 1534 768 1566 ab
800 1534 861 1566 Th.
893 1533 1032 1566 Durand
1071 1534 1274 1576 compositus
1309 1534 1391 1566 haee
1428 1534 1538 1566 studia
1573 1534 1774 1577 adjuverint.
1829 1534 1871 1567 t't
1913 1534 2076 1566 Durandii
2115 1534 2219 1566 Iudex

156 1591 306 1629 „Genera
338 1591 551 1633 plantarum*
583 1590 626 1622 ab
657 1591 799 1633 Georgio
831 1591 995 1623 Bentham
1026 1594 1058 1622 et
1087 1591 1234 1633 Josepho
1267 1590 1407 1622 Daltone
1439 1590 1575 1623 Hooker
1605 1591 1808 1633 conscripta,
1839 1590 1887 1622 sic
1917 1601 1977 1622 nos
2009 1590 2088 1622 illud
2119 1601 2218 1633 supra

156 1646 328 1679 laudatum
352 1657 437 1689 opus
460 1646 502 1678 ab
520 1646 642 1679 Adolfo
658 1646 782 1687 Engler
805 1651 836 1679 et
852 1647 969 1679 Carolo
987 1646 1099 1678 Prantl
1117 1646 1243 1678 editum
1261 1646 1364 1679 secuti
1381 1657 1507 1679 sumus.
1540 1647 1581 1678 Et
1605 1647 1639 1678 in
1663 1646 1871 1689 disponendo
1895 1646 1978 1679 libro
2002 1646 2128 1685 eadem,
2153 1657 2218 1688 qua

156 1703 294 1735 Durand
327 1703 358 1735 in
383 1703 497 1735 Indice
527 1713 588 1735 suo
618 1703 745 1734 ratione
776 1703 825 1735 usi
857 1714 984 1735 sumus.
1027 1703 1107 1735 Pars
1138 1703 1244 1745 prima
1277 1704 1401 1745 profert
1430 1704 1715 1735 enumerationem
1740 1703 1906 1735 unitatum
1931 1704 2217 1745 systematicarum

155 1759 339 1791 secundum
371 1759 521 1791 ordinem
552 1759 742 1801 systematis
773 1759 815 1791 ab
844 1759 965 1791 Adolfo
998 1760 1120 1802 Engler
1150 1760 1289 1801 eiusque
1320 1759 1614 1792 collaboratoribus
1645 1759 1803 1799 adliibiti3
1836 1771 1912 1802 pars
1943 1759 2042 1791 altera
2075 1759 2217 1791 indicem

155 1815 403 1858 alphabeticum
428 1816 605 1848 nominum
629 1816 663 1847 in
688 1816 795 1858 prima
821 1822 913 1858 parte
936 1816 1122 1848 allatorum.

362 1872 400 1904 In
431 1876 524 1915 parte
554 1872 766 1914 systematica
797 1872 953 1904 omnibus
987 1872 1181 1905 nominibus
1211 1883 1298 1914 quae
1330 1872 1529 1915 protulimus
1560 1872 1648 1904 locos
1677 1872 1897 1913 adjunximus
1921 1873 2043 1914 quibus
2073 1872 2219 1914 primum

155 1927 279 1970 publici
313 1929 398 1970 juris
432 1929 519 1961 facta
555 1932 650 1965 sunt,
687 1934 858 1971 sperantes
892 1928 955 1961 liae
991 1929 1199 1971 potissimum
1235 1941 1270 1961 re
1304 1940 1388 1972 opus
1422 1932 1573 1961 nostrum
1609 1929 1688 1961 viris
1722 1929 1827 1961 doctis
1862 1929 1971 1961 studia
2009 1929 2218 1970 systematica

155 1984 340 2016 colentibus
355 1985 627 2028 supplementum
645 1985 869 2017 necessarium
891 1988 949 2017 aut
969 1989 1055 2017 certe
1072 1996 1175 2027 quam
1194 1987 1340 2018 maxime
1357 1990 1531 2028 acceptum
1548 1986 1636 2018 illius
1653 1986 1761 2028 operis
1778 1985 1818 2018 de
1837 1986 2006 2024 „Familiis
2024 1987 2217 2018 Plantarum

156 2040 392 2072 Naturalibus¹‘
424 2042 511 2079 fore,
547 2041 580 2073 in
615 2052 682 2083 quo
714 2042 904 2073 testimonia
937 2041 1095 2074 litteraria
1127 2053 1192 2074 non
1227 2042 1327 2074 allata
1363 2053 1433 2075 esse
1463 2053 1560 2084 aegre
1596 2042 1742 2074 tulimus.
1797 2042 1834 2074 In
1867 2043 1990 2084 quibus
2022 2043 2218 2074 testimoniis

155 2096 362 2140 proterendis
385 2097 445 2129 etsi
471 2098 631 2129 rationem
657 2101 864 2130 constantem
893 2098 1128 2140 appetivimus,
1160 2109 1225 2130 uon
1257 2098 1450 2141 ignoramus
1474 2098 1507 2130 id
1532 2098 1628 2130 nobis
1652 2109 1717 2130 non
1742 2098 1899 2130 omnibus
1931 2098 2009 2130 locis
2033 2099 2218 2139 contigisse.

156 2153 352 2186 Praesertim
377 2154 590 2196 exsequendo
621 2153 785 2186 subtiliter
815 2165 931 2192 anuos,
962 2154 1086 2196 quibus
1117 2155 1250 2197 singula
1281 2155 1469 2187 testimonia
1497 2154 1585 2187 edita
1613 2158 1732 2192 essent,
1765 2155 1856 2186 haud
1887 2166 1960 2186 raro
1992 2155 2023 2186 in
2048 2155 2218 2196 angustias

157 2209 324 2247 venimus,
357 2211 483 2253 quippe
513 2221 589 2242 cum
622 2211 656 2242 in
687 2210 749 2242 liae
781 2211 991 2253 potissimum
1023 2221 1057 2242 re
1087 2211 1220 2253 saepius
1250 2210 1492 2252 discrepantiae
1523 2211 1608 2243 inter
1638 2214 1788 2243 auctores
1818 2215 2005 2244 occurrant,
2038 2221 2124 2252 quae
2156 2211 2218 2242 nisi

156 2265 294 2298 diutinis
317 2266 502 2299 litterarum
526 2266 800 2309 inquisitionibus
819 2266 887 2299 tolli
906 2277 971 2298 non
990 2271 1145 2309 possunt;
1170 2266 1267 2299 nobis
1284 2278 1351 2299 non
1368 2267 1546 2310 opprobrio
1563 2268 1633 2299 fore
1649 2278 1832 2309 speramus.
1857 2267 1946 2309 quod
1965 2267 2054 2299 hunc
2071 2266 2218 2299 laborem

155 2333 224 2354 non
247 2322 403 2355 omuibus
426 2322 505 2355 locis
529 2328 696 2365 praestare
721 2323 900 2365 potuimus.
948 2323 1162 2355 Testimoniis
1186 2323 1302 2365 primis
1333 2323 1447 2355 multis
1471 2323 1551 2356 locis
1575 2323 1764 2355 testimonia
1788 2322 1850 2354 alia
1875 2323 2104 2365 adjunximus,
2132 2333 2218 2365 quae

156 2378 253 2411 nobis
275 2378 316 2411 ad
341 2390 392 2411 res
416 2379 536 2411 clarius
560 2378 808 2421 perspiciendas
832 2379 992 2411 momenti
1017 2390 1087 2411 esse
1111 2379 1320 2411 videbantur.

363 2435 495 2467 Praeter
519 2435 706 2467 testimonia
731 2435 839 2478 prima
863 2436 896 2467 in
914 2435 1071 2467 omnibus
1091 2435 1279 2477 plantarum
1305 2436 1483 2477 generibus
1507 2436 1606 2467 etiam
1632 2435 1719 2468 locos
1743 2435 1951 2478 protulimus,
1976 2435 2099 2476 quibus
2123 2446 2159 2466 ea
2185 2436 2218 2467 in

157 2491 327 2529 ,familiis
352 2491 545 2523 Plantarum
570 2491 806 2523 Naturalibus‘⁴
831 2492 939 2532 (ER),
972 2502 1100 2524 necnon
1134 2492 1167 2523 in
1191 2491 1382 2524 Endlieheri
1408 2491 1515 2529 (Endl.
1541 2493 1592 2533 (j.)
1616 2499 1646 2523 et
1673 2492 1860 2523 Benthamii
1886 2495 1918 2523 et
1942 2491 2088 2522 Hookeri
2113 2491 2219 2530 (RH.)

157 2547 364 2585 „Generibus
396 2547 612 2580 Plantarum“
644 2551 903 2590 pertractantur;
939 2547 1159 2588 adjunximus
1190 2547 1352 2590 denique,
1384 2558 1470 2590 quae
1500 2547 1541 2579 de
1572 2559 1711 2580 numero
1739 2548 1923 2589 specierum
1956 2547 2219 2589 uniuscuiusque

156 2603 286 2645 generis
309 2604 448 2646 eiusque
471 2603 705 2636 distributione
728 2604 949 2646 geographica
975 2603 1114 2635 dicenda
1139 2610 1257 2636 essent.
1296 2605 1426 2637 Genera
1449 2614 1535 2646 quae
1560 2614 1650 2635 nunc
1667 2603 1787 2637 valent.
1812 2603 1978 2635 continuis
2002 2614 2217 2635 numerorum

157 2660 243 2691 notis
273 2660 412 2701 (crassis)
443 2661 667 2701 signavimus:
704 2663 872 2702 praeterea
906 2671 1121 2692 numerorum
1154 2661 1239 2692 notis
1271 2671 1330 2702 pro
1359 2660 1484 2696 ordine,
1516 2670 1616 2701 quem
1649 2660 1681 2691 in
1714 2659 1852 2701 siugulis
1885 2659 2031 2696 familiis,
2062 2658 2102 2690 ad
2135 2669 2218 2700 quas

157 2716 333 2758 pertinent,
357 2720 530 2759 occupant.
578 2717 804 2759 Synonymiae
828 2727 998 2757 generum,
1023 2727 1109 2758 quae
1134 2717 1166 2748 in
1192 2716 1228 2748 Ε.
1256 2717 1289 2748 1¹.
1315 2727 1412 2758 saepe
1437 2716 1548 2747 minus
1573 2717 1700 2755 integra
1724 2716 1899 2757 profertur,
1925 2725 2027 2756 quam
2053 2714 2217 2746 uberrime

157 2772 409 2814 pertractandae
440 2773 588 2805 maxima
619 2784 694 2805 cum
727 2773 898 2814 diligentia
930 2772 1130 2804 studuimus.
1177 2773 1358 2814 s'ontigcrit
1390 2772 1495 2809 nobis,
1528 2771 1616 2813 quod
1642 2771 1777 2813 quidem
1809 2771 2031 2802 curiosissime
2055 2770 2217 2812 persecuti

157 2839 283 2862 sumus.
308 2834 345 2860 ut
367 2829 480 2861 omnia
504 2839 663 2871 generum
681 2829 828 2866 nomina,
853 2839 940 2871 quae
964 2829 997 2860 in
1022 2829 1113 2860 libris
1138 2829 1389 2860 nomenclatura
1414 2827 1619 2862 binominali.
1643 2837 1730 2869 quae
1753 2827 1881 2858 dicitur.
1908 2826 2074 2868 publicata
2099 2830 2217 2860 essent.

157 2885 397 2927 proferremus
429 2885 474 2917 ita
504 2889 539 2917 ut
571 2885 684 2917 omnia
714 2895 847 2927 quoque
878 2895 1037 2925 generum
1068 2885 1221 2921 nomina,
1253 2895 1338 2926 quae
1370 2884 1404 2915 in
1436 2883 1548 2915 Indice
1574 2883 1726 2915 Keweusi
1757 2886 1948 2918 occurrunt,
1979 2888 2009 2914 et
2041 2883 2075 2913 in
2107 2886 2218 2913 nostro

157 2940 242 2972 libro
271 2941 411 2973 inveniri
444 2941 581 2984 possint.
629 2941 673 2974 Ut
703 2939 800 2984 porro
831 2942 929 2973 etiam
962 2951 1121 2982 generum
1153 2940 1334 2972 divisiones
1363 2939 1599 2981 intelligantur,
1634 2939 1694 2970 lias
1718 2949 1852 2981 quoque
1882 2938 1989 2970 allatis
2021 2938 2218 2969 testimoniis

158 2996 323 3029 litterariis
340 2997 555 3039 protulimus;
575 3009 641 3030 non
659 3002 770 3030 autem
789 2997 884 3029 nobis
902 2998 933 3029 in
952 2997 1120 3039 proposito
1139 2997 1209 3030 suit,
1228 3002 1262 3028 ut
1280 2996 1514 3037 synam-naam
1533 2995 1707 3027 nominum
1726 2994 1948 3036 subgencrum
1966 2995 2217 3035 sectiusnnunque

158 3053 320 3095 integram
347 3054 579 3096 proferremus,
608 3054 633 3086 si
658 3064 697 3086 ea
720 3054 857 3086 nomina
883 3054 953 3085 vice
978 3053 1152 3084 nominum
1177 3052 1401 3093 subgcnerum
1427 3056 1481 3083 aut
1508 3052 1690 3083 sectionum
1716 3051 1749 3082 in
1774 3050 1897 3082 litteras
1922 3050 2076 3082 inductae
2101 3054 2217 3081 essent.
